@STRING{apbc11 = "Proc.\ 9th Asia Pacific Bioinf.\ Conf.\ ({APBC'11})"},
@STRING{cpm14 = "Proc.\ 25th Ann.\ Symp.\ Combin.\ Pattern Matching ({CPM'14})"},
@STRING{recombcg12 = "Proc.\ 10th RECOMB Workshop Comp.\ Genomics ({RECOMB-CG'12})"},
@STRING{recombcg13 = "Proc.\ 11th RECOMB Workshop Comp.\ Genomics ({RECOMB-CG'13})"},
@STRING{recomb14 = "Proc.\ 18th Int'l Conf.\ Comput.\ Mol.\ Biol.\ ({RECOMB'14})"},
@STRING{recomb15 = "Proc.\ 19th Int'l Conf.\ Comput.\ Mol.\ Biol.\ ({RECOMB'15})"},
@STRING{recomb16 = "Proc.\ 20th Int'l Conf.\ Comput.\ Mol.\ Biol.\ ({RECOMB'16})"},
@STRING{ismb15 = "Proc.\ 23rd Int'l Conf.\ Intelligent Systems Mol.\ Biol.\ ({ISMB/ECCB'15})"},
@STRING{ismbeccb15 = "Proc.\ 23rd Int'l Conf.\ Intelligent Systems Mol.\ Biol.\ 14th Euro.\ Conf.\ Comput.\ Biol.\ ({ISMB/ECCB'15})"},

@STRING{jcb  = "J.\ Comput.\ Biol."}
@STRING{springer = "Springer Verlag"}
@STRING{lncs  = "Lecture Notes in Comp.\ Sci."}

@article{shao11,
	author = {Shao, M. and Wang, S. and Wang, C. and Yuan, X. and Li, S.-C. and Zheng, W.-M. and Bu, D.},
	title = {Incorporating ab initio energy into threading approaches for protein structure prediction},
	journal = {BMC Bioinformatics},
	volume = {12},
	year = {2011},
	number = {Suppl 1},
	pages = {S54},
	publisher = springer,
}

@article{shao12,
	author = {Shao, M. and Lin, Y.},
	title = {Approximating the edit distance for genomes with duplicate genes under {DCJ}, insertion and deletion},
	journal = {BMC Bioinformatics},
	volume = {13},
	year = {2012},
	number = {Suppl 19},
	pages = {S13},
	publisher = springer,
}

@article{shao13,
	title={Sorting genomes with rearrangements and segmental duplications through trajectory graphs},
	author={Shao, M. and Lin, Y. and Moret, B.M.E.},
	journal={BMC Bioinformatics},
	volume={14},
	number={Suppl 15},
	pages={S9},
	year={2013},
}

@inproceedings{shao14a,
	title={An exact algorithm to compute the {DCJ} distance for genomes with duplicate genes},
	author={Shao, M. and Lin, Y. and Moret, B.M.E.},
	booktitle = recomb14,
	series = lncs,
	volume = 8394,
	pages = {280--292},
	year={2014},
}

@inproceedings{shao14b,
	title={On the {DCJ} median problem},
	author={Shao, M. and Moret, B.M.E.},
	booktitle = cpm14,
	series = lncs,
	volume = 8486,
	pages = {273--282},
	year={2014},
}

@inproceedings{shao15a,
	title={A fast and exact algorithm for the exemplar breakpoint distance},
	author={Shao, M. and Moret, B.M.E.},
	booktitle = recomb15,
	series = lncs,
	volume = 9029,
	pages = {309--322},
	year = {2015},
}

@article{shao15b,
	title={An exact algorithm to compute the double-cut-and-join distance for genomes with duplicate genes},
	author={Shao, M. and Lin, Y. and Moret, B.M.E.},
	journal=jcb,
	volume={22},
	number={5},
	pages={425--435},
	year={2015},
}

@article{shao15c,
	title={Comparing genomes with rearrangements and segmental duplications},
	author={Shao, M. and Moret, B.M.E.},
	journal={Bioinformatics},
	volume={31},
	number={12},
	pages={i329--i338},
	year={2015},
}

@inproceedings{shao16,
	title={On computing breakpoint distances for genomes with duplicate genes},
	author={Shao, M. and Moret, B.M.E.},
	booktitle = recomb16,
	series = lncs,
	volume = 9649,
	pages = {189--203},
	year = {2016},
}

